<record><leader>00000cas a22000007a 4500</leader><controlfield tag="001">9856509</controlfield><controlfield tag="008">830829c19059999ksudr ne      0    0eng d</controlfield><controlfield tag="009">3789</controlfield><datafield ind1=" " ind2=" " tag="010"><subfield code="a">sn 83040651 </subfield></datafield><datafield ind1=" " ind2=" " tag="040"><subfield code="a">KSH</subfield><subfield code="b">eng</subfield><subfield code="c">KSH</subfield><subfield code="d">NPT</subfield></datafield><datafield ind1="1" ind2=" " tag="029"><subfield code="a">AU@</subfield><subfield code="b">000025801051</subfield></datafield><datafield ind1=" " ind2=" " tag="042"><subfield code="a">msc</subfield></datafield><datafield ind1=" " ind2=" " tag="043"><subfield code="a">n-us-ks</subfield></datafield><datafield ind1="0" ind2="4" tag="245"><subfield code="a">The Augusta daily gazette.</subfield></datafield><datafield ind1=" " ind2=" " tag="260"><subfield code="a">Augusta, Kan. :</subfield><subfield code="b">T. Sexton,</subfield><subfield code="c">1905-</subfield></datafield><datafield ind1=" " ind2=" " tag="300"><subfield code="a">v. :</subfield><subfield code="b">ill. ;</subfield><subfield code="c">56 cm.</subfield></datafield><datafield ind1=" " ind2=" " tag="310"><subfield code="a">Daily</subfield></datafield><datafield ind1=" " ind2=" " tag="321"><subfield code="a">Frequency varies</subfield></datafield><datafield ind1="0" ind2=" " tag="362"><subfield code="a">Vol. 4, no. 129 (Nov. 13, 1905)-</subfield></datafield><datafield ind1="1" ind2=" " tag="700"><subfield code="a">Sexton, Timothy.</subfield></datafield><datafield ind1=" " ind2=" " tag="752"><subfield code="a">United States</subfield><subfield code="b">Kansas</subfield><subfield code="c">Butler</subfield><subfield code="d">Augusta.</subfield></datafield><datafield ind1="0" ind2="0" tag="780"><subfield code="t">Daily gazette (Augusta, Kan.)</subfield><subfield code="w">(DLC)sn 83040650</subfield></datafield><datafield ind1="0" ind2="5" tag="780"><subfield code="t">Augusta weekly gazette</subfield><subfield code="g">Dec. 1908</subfield><subfield code="w">(DLC)sn 83040660</subfield></datafield><datafield ind1="0" ind2="5" tag="780"><subfield code="t">Augusta bugle</subfield><subfield code="g">Jan. 1919</subfield><subfield code="w">(DLC)sn 83040482</subfield></datafield></record>